<record><leader>00000cas a2200000 a 4500</leader><controlfield tag="001">10774334</controlfield><controlfield tag="008">840525d18301844vtuwr ne      0    0eng c</controlfield><datafield ind1=" " ind2=" " tag="010"><subfield code="a">sn 84023148 </subfield></datafield><datafield ind1=" " ind2=" " tag="040"><subfield code="a">AQM</subfield><subfield code="b">eng</subfield><subfield code="c">AQM</subfield><subfield code="d">NPX</subfield><subfield code="d">NPU</subfield><subfield code="d">DLC</subfield><subfield code="d">CNW</subfield><subfield code="d">CNK</subfield><subfield code="d">DLC</subfield><subfield code="d">NVN</subfield><subfield code="d">OCL</subfield><subfield code="d">NVN</subfield><subfield code="d">DLC</subfield><subfield code="d">CVF</subfield><subfield code="d">NYS</subfield><subfield code="d">NVN</subfield><subfield code="d">NYS</subfield><subfield code="d">NVF</subfield><subfield code="d">OCLCG</subfield><subfield code="d">KRTAS</subfield><subfield code="d">DLC</subfield><subfield code="d">OCLCQ</subfield><subfield code="d">OCLCA</subfield><subfield code="d">OCLCQ</subfield><subfield code="d">OCLCA</subfield><subfield code="d">OCLCF</subfield><subfield code="d">IUL</subfield></datafield><datafield ind1=" " ind2=" " tag="042"><subfield code="a">pcc</subfield></datafield><datafield ind1=" " ind2=" " tag="043"><subfield code="a">n-us-vt</subfield></datafield><datafield ind1="0" ind2="0" tag="050"><subfield code="a">Newspaper</subfield></datafield><datafield ind1="0" ind2=" " tag="130"><subfield code="a">Burlington sentinel (Burlington, Vt. : 1830)</subfield></datafield><datafield ind1="1" ind2="0" tag="245"><subfield code="a">Burlington sentinel.</subfield></datafield><datafield ind1="1" ind2="3" tag="246"><subfield code="a">Burlington sentinel-eagle</subfield><subfield code="f">&lt;1842&gt;</subfield></datafield><datafield ind1=" " ind2=" " tag="260"><subfield code="a">Burlington, Vt. :</subfield><subfield code="b">E. &amp; T. Mills</subfield></datafield><datafield ind1=" " ind2=" " tag="300"><subfield code="a">volumes</subfield></datafield><datafield ind1=" " ind2=" " tag="310"><subfield code="a">Weekly</subfield></datafield><datafield ind1=" " ind2=" " tag="336"><subfield code="a">text</subfield><subfield code="b">txt</subfield><subfield code="2">rdacontent</subfield></datafield><datafield ind1=" " ind2=" " tag="337"><subfield code="a">unmediated</subfield><subfield code="b">n</subfield><subfield code="2">rdamedia</subfield></datafield><datafield ind1=" " ind2=" " tag="338"><subfield code="a">volume</subfield><subfield code="b">nc</subfield><subfield code="2">rdacarrier</subfield></datafield><datafield ind1="1" ind2=" " tag="362"><subfield code="a">Began with vol. 20, no. 1 (Jan. 1, 1830); ceased in 1844.</subfield></datafield><datafield ind1=" " ind2=" " tag="500"><subfield code="a">Publishers: N. Stone, &lt;1835&gt;-1837; S.M. Parsons, 1837; A.B. Bishop &amp; D. Winslow, &lt;1841&gt;</subfield></datafield><datafield ind1=" " ind2=" " tag="500"><subfield code="a">"Democratic Republican."</subfield></datafield><datafield ind1=" " ind2=" " tag="500"><subfield code="a">Editors: H. Moore, 1833-&lt;1834&gt;; N. Stone, &lt;1835&gt;-1837.</subfield></datafield><datafield ind1="4" ind2=" " tag="510"><subfield code="a">Gregory, W. Amer. newspapers, 1821-1936</subfield><subfield code="c">p. 689</subfield></datafield><datafield ind1=" " ind2=" " tag="515"><subfield code="a">Issues for Jan. 4-11, 1839 incorrectly dated 1838.</subfield></datafield><datafield ind1=" " ind2=" " tag="580"><subfield code="a">Semiweekly ed.: Burlington sentinel, 1838-1839.</subfield></datafield><datafield ind1=" " ind2=" " tag="588"><subfield code="a">Description based on: Vol. 20, no. 1 (Jan. 1, 1830); title from masthead.</subfield></datafield><datafield ind1=" " ind2=" " tag="588"><subfield code="a">Latest issue consulted: Vol. XXXIV, noumber 28 (July 12, 1844); America's Historical Newspapers (viewed September 14, 2017).</subfield></datafield><datafield ind1=" " ind2="0" tag="651"><subfield code="a">Burlington (Vt.)</subfield><subfield code="v">Newspapers.</subfield></datafield><datafield ind1=" " ind2="0" tag="651"><subfield code="a">Chittenden County (Vt.)</subfield><subfield code="v">Newspapers.</subfield></datafield><datafield ind1=" " ind2="7" tag="651"><subfield code="a">Vermont</subfield><subfield code="z">Burlington.</subfield><subfield code="2">fast</subfield><subfield code="0">(OCoLC)fst01207603</subfield></datafield><datafield ind1=" " ind2="7" tag="651"><subfield code="a">Vermont</subfield><subfield code="z">Chittenden County.</subfield><subfield code="2">fast</subfield><subfield code="0">(OCoLC)fst01211998</subfield></datafield><datafield ind1=" " ind2="7" tag="655"><subfield code="a">Newspapers.</subfield><subfield code="2">fast</subfield><subfield code="0">(OCoLC)fst01423814</subfield></datafield><datafield ind1="1" ind2=" " tag="700"><subfield code="a">Moore, Hugh,</subfield><subfield code="d">1808-1837.</subfield></datafield><datafield ind1="1" ind2=" " tag="700"><subfield code="a">Stone, Nahum,</subfield><subfield code="d">1807 or 1808-1846.</subfield></datafield><datafield ind1=" " ind2=" " tag="752"><subfield code="a">United States</subfield><subfield code="b">Vermont</subfield><subfield code="c">Chittenden</subfield><subfield code="d">Burlington.</subfield></datafield><datafield ind1="1" ind2=" " tag="775"><subfield code="t">Burlington sentinel (Burlington, Vt. : 1838)</subfield><subfield code="w">(DLC)sn 86071607</subfield><subfield code="w">(OCoLC)13728781</subfield></datafield><datafield ind1="0" ind2="0" tag="780"><subfield code="t">Northern sentinel (Burlington, Vt. : 1814)</subfield><subfield code="w">(DLC)sn 83025663</subfield><subfield code="w">(OCoLC)9735393</subfield></datafield><datafield ind1="0" ind2="7" tag="785"><subfield code="t">True Democrat (Burlington, Vt.)</subfield><subfield code="w">(DLC)sn 99067855</subfield><subfield code="w">(OCoLC)41477748</subfield></datafield><datafield ind1="0" ind2="7" tag="785"><subfield code="t">Sentinel and Democrat</subfield><subfield code="w">(DLC)sn 84023308</subfield><subfield code="w">(OCoLC)10803267</subfield></datafield><datafield ind1="4" ind2="1" tag="856"><subfield code="u">http://infoweb.newsbank.com/?db=EANX&amp;s_browseRef=decades/10CE5456336F1188/all.xml</subfield></datafield><datafield ind1=" " ind2=" " tag="938"><subfield code="a">Kirtas Technologies, Inc.</subfield><subfield code="b">KRTS</subfield><subfield code="n">738470</subfield></datafield><datafield ind1="1" ind2=" " tag="029"><subfield code="a">AU@</subfield><subfield code="b">000020129361</subfield></datafield></record>